% This file was created with JabRef 2.10.
% Encoding: GBK


@Article{Brassington1999,
  Title                    = {{Semi-Lagrangian and COSMIC advection in flows with rotation or deformation}},
  Author                   = {Brassington, Gary and Sanderson, Brian},
  Journal                  = {Atmos.--Ocean},
  Year                     = {1999},
  Pages                    = {369--388},
  Volume                   = {37},

  Doi                      = {10.1080/07055900.1999.9649632}
}

@Article{Colella1984,
  Title                    = {{The piecewise parabolic method (PPM) for gas-dynamical simulations}},
  Author                   = {Colella, Phillip and Woodward, Paul R},
  Journal                  = {J. Comput. Phys.},
  Year                     = {1984},
  Pages                    = {174--201},
  Volume                   = {54},

  Doi                      = {10.1016/0021-9991(84)90143-8}
}

@Article{davies2005new,
  Title                    = {{A new dynamical core for the Met Office's global and regional modelling of the atmosphere}},
  Author                   = {Davies, T and Cullen, MJP and Malcolm, AJ and Mawson, MH and Staniforth, A and White, AA and Wood, N},
  Journal                  = {Q. J. R. Meteor. Soc.},
  Year                     = {2005},
  Pages                    = {1759--1782},
  Volume                   = {131}
}

@Book{Durran2010,
  Title                    = {{Numerical methods for fluid dynamics: With applications to geophysics}},
  Author                   = {Durran, Dale R},
  Publisher                = {Springer Science \& Business Media},
  Year                     = {2010},

  Pages                    = {532}
}

@Article{Easter1993,
  Title                    = {{Two Modified Versions of Bott's Positive-Definite Numerical Advection Scheme}},
  Author                   = {Easter, Richard C.},
  Journal                  = {Mon. Wea. Rev.},
  Year                     = {1993},
  Pages                    = {297--304},
  Volume                   = {121},

  Doi                      = {10.1175/1520-0493(1993)121<0297:TMVOBP>2.0.CO;2}
}

@Article{gal1975use,
  Title                    = {On the use of a coordinate transformation for the solution of the Navier-Stokes equations},
  Author                   = {Gal-Chen, Tzvi and Somerville, Richard CJ},
  Journal                  = {J. Comput. Phys.},
  Year                     = {1975},
  Pages                    = {209--228},
  Volume                   = {17}
}

@Article{gottlieb2006recovering,
  Title                    = {{Recovering high-order accuracy in WENO computations of steady-state hyperbolic systems}},
  Author                   = {Gottlieb, Sigal and Gottlieb, David and Shu, Chi-Wang},
  Journal                  = {J. Sci. Comput.},
  Year                     = {2006},
  Pages                    = {307--318},
  Volume                   = {28}
}

@Article{Jia2011387,
  Title                    = {A third accurate operator splitting method},
  Author                   = {Hongen Jia and Kaitai Li},
  Journal                  = {Math. Comput. Modell.},
  Year                     = {2011},
  Pages                    = {387 - 396},
  Volume                   = {53},

  Doi                      = {10.1016/j.mcm.2010.09.005}
}

@Article{johnson1997general,
  Title                    = {â€œGeneral coldness of climate modelsâ€? and the second law: implications for modeling the earth system},
  Author                   = {Johnson, Donald R},
  Journal                  = {J. Climate},
  Year                     = {1997},
  Pages                    = {2826--2846},
  Volume                   = {10}
}

@Article{katta2014high,
  Title                    = {High-Order Finite Volume Transport on the Cubed-Sphere: Comparison between 1D and 2D Reconstruction Schemes},
  Author                   = {Katta, Kiran K and Nair, Ramachandran D and Kumar, Vinod},
  Journal                  = {Mon. Wea. Rev.},
  Year                     = {2014},
  Pages                    = {2937â€?2954},
  Volume                   = {143}
}

@Article{Lauritzen2007,
  Title                    = {{A Stability Analysis of Finite-Volume Advection Schemes Permitting Long Time Steps}},
  Author                   = {Lauritzen, Peter Hjort},
  Journal                  = {Mon. Wea. Rev.},
  Year                     = {2007},
  Pages                    = {2658--2673},
  Volume                   = {135},

  Doi                      = {10.1175/MWR3425.1}
}

@InCollection{lauritzen2011atmospheric,
  Title                    = {{Atmospheric transport schemes: desirable properties and a semi-Lagrangian view on finite-volume discretizations}},
  Author                   = {Lauritzen, Peter H and Ullrich, Paul A and Nair, Ramachandran D},
  Booktitle                = {Numerical Techniques for Global Atmospheric Models},
  Publisher                = {Springer},
  Year                     = {2011},
  Editor                   = {Peter Lauritzen and Christiane Jablonowski and Mark Taylor and Ramachandran Nair},
  Pages                    = {185--250}
}

@Article{Leonard1996,
  Title                    = {{Conservative Explicit Unrestricted-Time-Step Multidimensional Constancy-Preserving Advection Schemes}},
  Author                   = {Leonard, BP and Lock, AP and MacVean, MK},
  Journal                  = {Mon. Wea. Rev.},
  Year                     = {1996},
  Pages                    = {2588--2606},
  Volume                   = {124},

  Doi                      = {10.1175/1520-0493(1996)124<2588:CEUTSM>2.0.CO;2}
}

@Article{Leonard1995,
  Title                    = {{The nirvana scheme applied to one-dimensional advection}},
  Author                   = {Leonard, B.P. and Lock, A.P. and Macvean, M.K.},
  Journal                  = {Int. J. Numer. Methods Heat Fluid Flow},
  Year                     = {1995},
  Pages                    = {341--377},
  Volume                   = {5},

  Doi                      = {10.1108/EUM0000000004120}
}

@Article{Leonard2002,
  Title                    = {{Stability of explicit advection schemes. The balance point location rule}},
  Author                   = {Leonard, B. P.},
  Journal                  = {Int. J. Numer. Methods Fluids},
  Year                     = {2002},
  Pages                    = {471--514},
  Volume                   = {38},

  Doi                      = {10.1002/fld.189}
}

@Article{Lin1996,
  Title                    = {{Multidimensional Flux-Form Semi-Lagrangian Transport Schemes}},
  Author                   = {Lin, Shian-Jiann and Rood, Richard B.},
  Journal                  = {Mon. Weather Rev.},
  Year                     = {1996},
  Pages                    = {2046--2070},
  Volume                   = {124},

  Doi                      = {10.1175/1520-0493(1996)124<2046:MFFSLT>2.0.CO;2}
}

@Article{Machenhauer1997,
  Title                    = {{The Implementation of the Semi-Implicit Scheme in Cell-Integrated Semi-Lagrangian Models}},
  Author                   = {Machenhauer, Bennert and Olk, Markus},
  Journal                  = {Atmos.--Ocean},
  Year                     = {1997},
  Pages                    = {103--126},
  Volume                   = {35},

  Doi                      = {10.1080/07055900.1997.9687344}
}

@Article{Miu07b,
  Title                    = {{An Upwind-Biased Conservative Advection Scheme for Spherical Hexagonal-Pentagonal Grids}},
  Author                   = {Miura, H},
  Journal                  = {Mon. Wea. Rev.},
  Year                     = {2007},
  Pages                    = {4038--4044},
  Volume                   = {135},

  Doi                      = {10.1175/2007MWR2101.1}
}

@Article{Nair2010,
  Title                    = {{A class of deformational flow test cases for linear transport problems on the sphere}},
  Author                   = {Nair, Ramachandran D and Lauritzen, Peter H},
  Journal                  = {J. Comput. Phys.},
  Year                     = {2010},
  Pages                    = {8868--8887},
  Volume                   = {229},

  Doi                      = {10.1016/j.jcp.2010.08.014}
}

@Article{Nair2002,
  Title                    = {{The Mass-Conservative Cell-Integrated Semi-Lagrangian Advection Scheme on the Sphere}},
  Author                   = {Nair, Ramachandran D. and Machenhauer, Bennert},
  Journal                  = {Mon. Wea. Rev.},
  Year                     = {2002},
  Pages                    = {649--667},
  Volume                   = {130},

  Doi                      = {10.1175/1520-0493(2002)130<0649:TMCCIS>2.0.CO;2}
}

@Article{PL91,
  Title                    = {{An Efficient Interpolation Procedure for High-Order Three-Dimensional Semi-Lagrangian Models}},
  Author                   = {R. J. Purser and L. M. Leslie},
  Journal                  = {Mon. Wea. Rev.},
  Year                     = {1991},
  Pages                    = {2492â€?2498},
  Volume                   = {119},

  Doi                      = {10.1175/1520-0493(1991)119<2492:AEIPFH>2.0.CO;2}
}

@Article{Putman2005,
  Title                    = {{Cross-Platform Performance of a Portable Communication Module and the Nasa Finite Volume General Circulation Model}},
  Author                   = {Putman, W. M.},
  Journal                  = {Int. J. High Perform. Comput. Appl.},
  Year                     = {2005},
  Pages                    = {213--223},
  Volume                   = {19},

  Doi                      = {10.1177/1094342005056101}
}

@Article{Putman2007,
  Title                    = {{Finite-volume transport on various cubed-sphere grids}},
  Author                   = {Putman, William M. and Lin, Shian Jiann},
  Journal                  = {J. Comput. Phys.},
  Year                     = {2007},
  Pages                    = {55--78},
  Volume                   = {227},

  Doi                      = {10.1016/j.jcp.2007.07.022}
}

@Article{Schar2002,
  Title                    = {{A New Terrain-Following Vertical Coordinate Formulation for Atmospheric Prediction Models}},
  Author                   = {Sch\"{a}r, Christoph and Leuenberger, Daniel and Fuhrer, Oliver and L\"{u}thi, Daniel and Girard, Claude},
  Journal                  = {Mon. Wea. Rev.},
  Year                     = {2002},
  Pages                    = {2459--2480},
  Volume                   = {130},

  Doi                      = {10.1175/1520-0493(2002)130<2459:ANTFVC>2.0.CO;2}
}

@Article{Schneider2014,
  Title                    = {{On the time-splitting errors of one-dimensional advection schemes in numerical weather prediction models; a comparative study}},
  Author                   = {Schneider, W. and Bott, A.},
  Journal                  = {Q. J. R. Meteor. Soc.},
  Year                     = {2014},
  Pages                    = {2321--2329},
  Volume                   = {140},

  Doi                      = {10.1002/qj.2301}
}

@MastersThesis{james2014,
  Title                    = {{Representation of Mountains in Atmospheric Models}},
  Author                   = {James Shaw},
  School                   = {{University of Reading}},
  Year                     = {2014},
  Note                     = {[Available from Universit{\â€™e} Paul Sabatier, 118 route de Narbonne 31062, Toulouse, France.]},

  Department               = {{Department of Meteorology}},
  Pages                    = {53}
}

@Article{Smo82,
  Title                    = {{The multi-dimensional Crowley advection scheme}},
  Author                   = {Smolarkiewicz, P},
  Journal                  = {Mon. Wea. Rev.},
  Year                     = {1982},
  Pages                    = {1968--1983},
  Volume                   = {110}
}

@Article{Staniforth1987,
  Title                    = {{Comments on "Smolarkeiwicz's Deformational Flow"}},
  Author                   = {Staniforth, a. and C\^{o}t\'{e}, J. and Pudykiewicz, J.a.},
  Journal                  = {Mon. Wea. Rev.},
  Year                     = {1987},
  Pages                    = {894--900},
  Volume                   = {115}
}

@Article{Thuburn1996,
  Title                    = {{Multidimensional flux-limited advection schemes}},
  Author                   = {Thuburn, J},
  Journal                  = {J. Comput. Phys.},
  Year                     = {1996},
  Pages                    = {74--83},
  Volume                   = {83},

  Doi                      = {10.1006/jcph.1996.0006}
}

@TechReport{Thuburn2012,
  Title                    = {{Gung-Ho Dynamics: Survey of Transport Schemes}},
  Author                   = {Thuburn, John and Cotter, Colin},
  Institution              = {{UK Met Office}},
  Year                     = {2012},

  Address                  = {http://collab.metoffice.gov.uk/twiki/bin/view/Project/NGWCP\_Phase1},

  Pages                    = {1--19}
}

@TechReport{Thuburn2013,
  Title                    = {{Gung-Ho Dynamics: Transport schemes - Phase I final report}},
  Author                   = {John Thuburn and Colin Cotter and Rupert Ford and Tom Melvin and
Graham Riley and Andrew Staniforth and Hilary Weller and Nigel Wood},
  Institution              = {{UK Met Office}},
  Year                     = {2013},

  Address                  = {http://collab.metoffice.gov.uk/twiki/bin/view/Project/NGWCP\_Phase1},

  Pages                    = {1--19}
}

@Article{weller2013runge,
  Title                    = {{Runge--Kutta IMEX schemes for the Horizontally Explicit/Vertically Implicit (HEVI) solution of wave equations}},
  Author                   = {Weller, Hilary and Lock, Sarah-Jane and Wood, Nigel},
  Journal                  = {J. Comput. Phys.},
  Year                     = {2013},
  Pages                    = {365--381},
  Volume                   = {252}
}

@Article{weller2014curl,
  Title                    = {{Curl-free pressure gradients over orography in a solution of the fully compressible Euler equations with implicit treatment of acoustic and gravity waves}},
  Author                   = {Weller, Hilary and Shahrokhi, Ava},
  Journal                  = {Mon. Wea. Rev.},
  Year                     = {2014},
  Pages                    = {4439--4457},
  Volume                   = {142},

  Doi                      = {10.1175/MWR-D-14-00054.1}
}

@Article{wood2009determining,
  Title                    = {Determining near-boundary departure points in semi-Lagrangian models},
  Author                   = {Wood, Nigel and Staniforth, Andrew and White, Andy},
  Journal                  = {Q. J. R. Meteor. Soc.},
  Year                     = {2009},
  Pages                    = {1890--1896},
  Volume                   = {135}
}

@Article{zangl2012extending,
  Title                    = {Extending the numerical stability limit of terrain-following coordinate models over steep slopes},
  Author                   = {Z{\"a}ngl, G{\"u}nther},
  Journal                  = {Mon. Wea. Rev.},
  Year                     = {2012},
  Pages                    = {3722--3733},
  Volume                   = {140},

  Doi                      = {10.1175/MWR-D-12-00049.1}
}

@Article{Zerroukat2010,
  Title                    = {{A simple mass conserving semi-Lagrangian scheme for transport problems}},
  Author                   = {Zerroukat, M.},
  Journal                  = {J. Comput. Phys.},
  Year                     = {2010},
  Pages                    = {9011--9019},
  Volume                   = {229},

  Doi                      = {10.1016/j.jcp.2010.08.017}
}

@Article{Zerroukat2006,
  Title                    = {{The Parabolic Spline Method (PSM) for conservative transport problems}},
  Author                   = {Zerroukat, M and Wood, N and Staniforth, A},
  Journal                  = {Int. J. Numer. Methods Fluids},
  Year                     = {2006},
  Pages                    = {1297--1318},
  Volume                   = {51}
}

@Article{Zerroukat2002,
  Title                    = {{SLICE: A Semi-Lagrangian Inherently Conserving and Efficient scheme for transport problems}},
  Author                   = {Zerroukat, M and Wood, N and Staniforth, A},
  Journal                  = {Q. J. R. Meteor. Soc.},
  Year                     = {2002},
  Pages                    = {2801--2820},
  Volume                   = {128},

  Doi                      = {10.1256/qj.02.69}
}

