/home/yumeng/splitAdvection/numerics.bib